%% This BibTeX bibliography file was created using BibDesk.
%% http://bibdesk.sourceforge.net/
%% Created for Erin at 2012-07-26 10:58:27 -0400 
%% Saved with string encoding Unicode (UTF-8) 
@inproceedings{McFee:2012:MSD:2187980.2188222,
 author = {McFee, Brian and Bertin-Mahieux, Thierry and Ellis, Daniel P.W. and Lanckriet, Gert R.G.},
 title = {The Million Song Dataset Challenge},
 booktitle = {Proceedings of the 21st International Conference Companion on World Wide Web},
 series = {WWW '12 Companion},
 year = {2012},
 isbn = {978-1-4503-1230-1},
 location = {Lyon, France},
 pages = {909--916},
 numpages = {8},
 url = {http://doi.acm.org/10.1145/2187980.2188222},
 doi = {10.1145/2187980.2188222},
 acmid = {2188222},
 publisher = {ACM},
 address = {New York, NY, USA},
 keywords = {music information retrieval, recommender systems},
} 

@article{li2012million,
  title={Million Song Dataset Recommendation Project Report},
  author={Li, Yi and Gupta, Rudhir and Nagasaki, Yoshiyuki and Zhang, Tianhe}
}